
      <record>
         <leader>00000nz  a2200169   4500</leader>
         <controlfield tag="001">30001408</controlfield>
         <controlfield tag="003">RISM</controlfield>
         <controlfield tag="005">20160216</controlfield>
         <controlfield tag="008">160216n||az|||||||##########||||||||||||</controlfield>
         <datafield tag="040" ind1=" " ind2=" ">
            <subfield code="a">IRL-C</subfield>
         </datafield>
         <datafield tag="043" ind1=" " ind2=" ">
            <subfield code="c">XA-IE</subfield>
         </datafield>
         <datafield tag="110" ind1="2" ind2=" ">
            <subfield code="a">University College Cork, Boole Library</subfield>
            <subfield code="c">Cork</subfield>
            <subfield code="g">IRL-C</subfield>
         </datafield>
         <datafield tag="622" ind1=" " ind2=" ">
            <subfield code="e">University College Cork, Boole Library, College Road, Cork, Ireland</subfield>
            <subfield code="u">http://booleweb.ucc.ie/index.php?pageID=306</subfield>
         </datafield>
      </record>