
      <record>
         <leader>00000nz  a2200169   4500</leader>
         <controlfield tag="001">30070478</controlfield>
         <controlfield tag="003">RISM</controlfield>
         <controlfield tag="005">20160216</controlfield>
         <controlfield tag="008">160216n||az|||||||##########||||||||||||</controlfield>
         <datafield tag="040" ind1=" " ind2=" ">
            <subfield code="a">IRL-Cfb</subfield>
         </datafield>
         <datafield tag="043" ind1=" " ind2=" ">
            <subfield code="c">XA-IE</subfield>
         </datafield>
         <datafield tag="110" ind1="2" ind2=" ">
            <subfield code="a">St Fin Barre's Cathedral Library</subfield>
            <subfield code="c">Cork</subfield>
            <subfield code="g">IRL-Cfb</subfield>
         </datafield>
         <datafield tag="580" ind1=" " ind2=" ">
            <subfield code="x">IRL-C</subfield>
            <subfield code="0">30001408</subfield>
         </datafield>
      </record>