
      <record>
         <leader>00000nz  a2200169   4500</leader>
         <controlfield tag="001">30070476</controlfield>
         <controlfield tag="003">RISM</controlfield>
         <controlfield tag="005">20160216</controlfield>
         <controlfield tag="008">160216n||az|||||||##########||||||||||||</controlfield>
         <datafield tag="040" ind1=" " ind2=" ">
            <subfield code="a">IRL-CRh</subfield>
         </datafield>
         <datafield tag="043" ind1=" " ind2=" ">
            <subfield code="c">XA-IE</subfield>
         </datafield>
         <datafield tag="110" ind1="2" ind2=" ">
            <subfield code="a">Clonalis House &lt;Castlerea&gt;</subfield>
            <subfield code="c">Castlerea</subfield>
            <subfield code="g">IRL-CRh</subfield>
         </datafield>
         <datafield tag="622" ind1=" " ind2=" ">
            <subfield code="u">http://www.clonalis.com</subfield>
         </datafield>
      </record>