
      <record>
         <leader>00000nz  a2200169   4500</leader>
         <controlfield tag="001">30001410</controlfield>
         <controlfield tag="003">RISM</controlfield>
         <controlfield tag="005">20160216</controlfield>
         <controlfield tag="008">160216n||az|||||||##########||||||||||||</controlfield>
         <datafield tag="040" ind1=" " ind2=" ">
            <subfield code="a">IRL-Dam</subfield>
         </datafield>
         <datafield tag="043" ind1=" " ind2=" ">
            <subfield code="c">XA-IE</subfield>
         </datafield>
         <datafield tag="110" ind1="2" ind2=" ">
            <subfield code="a">Royal Irish Academy of Music, Library</subfield>
            <subfield code="c">Dublin</subfield>
            <subfield code="g">IRL-Dam</subfield>
         </datafield>
         <datafield tag="622" ind1=" " ind2=" ">
            <subfield code="e">Royal Irish Academy of Music, Library, 36-38 Westland Row, Dublin 2, Ireland</subfield>
            <subfield code="u">http://www.riam.ie/</subfield>
         </datafield>
      </record>