
      <record>
         <leader>00000nz  a2200169   4500</leader>
         <controlfield tag="001">30005662</controlfield>
         <controlfield tag="003">RISM</controlfield>
         <controlfield tag="005">20160216</controlfield>
         <controlfield tag="008">160216n||az|||||||##########||||||||||||</controlfield>
         <datafield tag="040" ind1=" " ind2=" ">
            <subfield code="a">IRL-Dc</subfield>
         </datafield>
         <datafield tag="043" ind1=" " ind2=" ">
            <subfield code="c">XA-IE</subfield>
         </datafield>
         <datafield tag="110" ind1="2" ind2=" ">
            <subfield code="a">Irish Contemporary Music Centre &lt;Dublin&gt;</subfield>
            <subfield code="c">Dublin</subfield>
            <subfield code="g">IRL-Dc</subfield>
         </datafield>
         <datafield tag="622" ind1=" " ind2=" ">
            <subfield code="e">Contemporary Music Centre, 95 Lr. Baggot Street, Dublin 4  (=Baile, Átha Cliath)</subfield>
            <subfield code="u">http://www.cmc.ie</subfield>
         </datafield>
      </record>