
      <record>
         <leader>00000nz  a2200169   4500</leader>
         <controlfield tag="001">30001411</controlfield>
         <controlfield tag="003">RISM</controlfield>
         <controlfield tag="005">20160216</controlfield>
         <controlfield tag="008">160216n||az|||||||##########||||||||||||</controlfield>
         <datafield tag="040" ind1=" " ind2=" ">
            <subfield code="a">IRL-Dcc</subfield>
         </datafield>
         <datafield tag="043" ind1=" " ind2=" ">
            <subfield code="c">XA-IE</subfield>
         </datafield>
         <datafield tag="110" ind1="2" ind2=" ">
            <subfield code="a">Christ Church Cathedral Library &amp; Archives &lt;Dublin&gt;</subfield>
            <subfield code="c">Dublin</subfield>
            <subfield code="g">IRL-Dcc</subfield>
         </datafield>
         <datafield tag="410" ind1="2" ind2=" ">
            <subfield code="a">Christ Church Cathedral</subfield>
         </datafield>
         <datafield tag="410" ind1="2" ind2=" ">
            <subfield code="a">Christ Church Cathedral, Library</subfield>
         </datafield>
         <datafield tag="622" ind1=" " ind2=" ">
            <subfield code="e">Christ Church Cathedral, Library, Christ Church Place, Dublin 8 (=Baile, Átha Cliath)</subfield>
            <subfield code="u">http://www.cccdub.ie</subfield>
         </datafield>
      </record>