
      <record>
         <leader>00000nz  a2200169   4500</leader>
         <controlfield tag="001">30076182</controlfield>
         <controlfield tag="003">RISM</controlfield>
         <controlfield tag="005">20160216</controlfield>
         <controlfield tag="008">160216n||az|||||||##########||||||||||||</controlfield>
         <datafield tag="040" ind1=" " ind2=" ">
            <subfield code="a">IRL-Dcla</subfield>
         </datafield>
         <datafield tag="043" ind1=" " ind2=" ">
            <subfield code="c">XA-IE</subfield>
         </datafield>
         <datafield tag="110" ind1="2" ind2=" ">
            <subfield code="a">Dublin City Library and Archive</subfield>
            <subfield code="c">Dublin</subfield>
            <subfield code="g">IRL-Dcla</subfield>
         </datafield>
         <datafield tag="622" ind1=" " ind2=" ">
            <subfield code="e">Dublin City Library and Archive, 138-144 Pearse Street, Dublin 2</subfield>
            <subfield code="u">http://www.dublincitypubliclibraries.ie</subfield>
         </datafield>
      </record>