
      <record>
         <leader>00000nz  a2200169   4500</leader>
         <controlfield tag="001">30076006</controlfield>
         <controlfield tag="003">RISM</controlfield>
         <controlfield tag="005">20160216</controlfield>
         <controlfield tag="008">160216n||az|||||||##########||||||||||||</controlfield>
         <datafield tag="040" ind1=" " ind2=" ">
            <subfield code="a">IRL-Dfm</subfield>
         </datafield>
         <datafield tag="043" ind1=" " ind2=" ">
            <subfield code="c">XA-IE</subfield>
         </datafield>
         <datafield tag="110" ind1="2" ind2=" ">
            <subfield code="a">Masonic Grand Lodge, Library</subfield>
            <subfield code="c">Dublin</subfield>
            <subfield code="g">IRL-Dfm</subfield>
         </datafield>
         <datafield tag="622" ind1=" " ind2=" ">
            <subfield code="e">Masonic Grand Lodge, Library, Freemasons̷ Hall, 17 Molesworth Street,, Dublin 2, Dublin, Irland</subfield>
         </datafield>
      </record>