
      <record>
         <leader>00000nz  a2200169   4500</leader>
         <controlfield tag="001">30076005</controlfield>
         <controlfield tag="003">RISM</controlfield>
         <controlfield tag="005">20160216</controlfield>
         <controlfield tag="008">160216n||az|||||||##########||||||||||||</controlfield>
         <datafield tag="040" ind1=" " ind2=" ">
            <subfield code="a">IRL-Dit</subfield>
         </datafield>
         <datafield tag="043" ind1=" " ind2=" ">
            <subfield code="c">XA-IE</subfield>
         </datafield>
         <datafield tag="110" ind1="2" ind2=" ">
            <subfield code="a">Institute of Technology - Conservatory of Music and Drama</subfield>
            <subfield code="c">Dublin</subfield>
            <subfield code="g">IRL-Dit</subfield>
         </datafield>
         <datafield tag="622" ind1=" " ind2=" ">
            <subfield code="e">Institute of Technology - Conservatory, of Music and Drama, 143-149 Rathmines Road, Dublin 6, Dublin, Irland</subfield>
         </datafield>
      </record>