
      <record>
         <leader>00000nz  a2200169   4500</leader>
         <controlfield tag="001">30001412</controlfield>
         <controlfield tag="003">RISM</controlfield>
         <controlfield tag="005">20160216</controlfield>
         <controlfield tag="008">160216n||az|||||||##########||||||||||||</controlfield>
         <datafield tag="040" ind1=" " ind2=" ">
            <subfield code="a">IRL-Dm</subfield>
         </datafield>
         <datafield tag="043" ind1=" " ind2=" ">
            <subfield code="c">XA-IE</subfield>
         </datafield>
         <datafield tag="110" ind1="2" ind2=" ">
            <subfield code="a">Marsh's Library</subfield>
            <subfield code="c">Dublin</subfield>
            <subfield code="g">IRL-Dm</subfield>
         </datafield>
         <datafield tag="410" ind1="2" ind2=" ">
            <subfield code="a">Archbishop Marsh's Library</subfield>
         </datafield>
         <datafield tag="410" ind1="2" ind2=" ">
            <subfield code="a">Library of St. Sepulchre</subfield>
         </datafield>
         <datafield tag="622" ind1=" " ind2=" ">
            <subfield code="e">Marsh's Library, St Patrick's Close, Dublin 8, Ireland</subfield>
            <subfield code="u">http://www.marshlibrary.ie</subfield>
         </datafield>
      </record>