
      <record>
         <leader>00000nz  a2200169   4500</leader>
         <controlfield tag="001">30079269</controlfield>
         <controlfield tag="003">RISM</controlfield>
         <controlfield tag="005">20160216</controlfield>
         <controlfield tag="008">160216n||az|||||||##########||||||||||||</controlfield>
         <datafield tag="040" ind1=" " ind2=" ">
            <subfield code="a">IRL-Dml</subfield>
         </datafield>
         <datafield tag="043" ind1=" " ind2=" ">
            <subfield code="c">IE</subfield>
         </datafield>
         <datafield tag="110" ind1="2" ind2=" ">
            <subfield code="a">RCSI Mercer Library</subfield>
            <subfield code="c">Dublin</subfield>
            <subfield code="g">IRL-Dml</subfield>
         </datafield>
         <datafield tag="410" ind1="2" ind2=" ">
            <subfield code="a">Royal College of Surgeons in Ireland, Mercer Library&#xD;</subfield>
         </datafield>
         <datafield tag="622" ind1=" " ind2=" ">
            <subfield code="e">RCSI Mercer Library, Mercer Street Lower, Dublin 2, Ireland</subfield>
            <subfield code="u">https://www.rcsi.ie/library</subfield>
         </datafield>
      </record>