
      <record>
         <leader>00000nz  a2200169   4500</leader>
         <controlfield tag="001">30001413</controlfield>
         <controlfield tag="003">RISM</controlfield>
         <controlfield tag="005">20160216</controlfield>
         <controlfield tag="008">160216n||az|||||||##########||||||||||||</controlfield>
         <datafield tag="040" ind1=" " ind2=" ">
            <subfield code="a">IRL-Dn</subfield>
         </datafield>
         <datafield tag="043" ind1=" " ind2=" ">
            <subfield code="c">XA-IE</subfield>
         </datafield>
         <datafield tag="110" ind1="2" ind2=" ">
            <subfield code="a">The National Library of Ireland</subfield>
            <subfield code="c">Dublin</subfield>
            <subfield code="g">IRL-Dn</subfield>
         </datafield>
         <datafield tag="622" ind1=" " ind2=" ">
            <subfield code="e">The National Library of Ireland, Kildare Street, Dublin 2, Ireland</subfield>
            <subfield code="u">http://www.nli.ie/</subfield>
         </datafield>
         <datafield tag="710" ind1="2" ind2=" ">
            <subfield code="a">Royal Dublin Society Library</subfield>
            <subfield code="0">30077107</subfield>
         </datafield>
      </record>