
      <record>
         <leader>00000nz  a2200169   4500</leader>
         <controlfield tag="001">30078788</controlfield>
         <controlfield tag="003">RISM</controlfield>
         <controlfield tag="005">20160216</controlfield>
         <controlfield tag="008">160216n||az|||||||##########||||||||||||</controlfield>
         <datafield tag="040" ind1=" " ind2=" ">
            <subfield code="a">IRL-Dpu</subfield>
         </datafield>
         <datafield tag="043" ind1=" " ind2=" ">
            <subfield code="c">IE</subfield>
         </datafield>
         <datafield tag="110" ind1="2" ind2=" ">
            <subfield code="a">Na Píobairí Uilleann</subfield>
            <subfield code="c">Dublin</subfield>
            <subfield code="g">IRL-Dpu</subfield>
         </datafield>
         <datafield tag="622" ind1=" " ind2=" ">
            <subfield code="e">Na Píobairí Uilleann, 15 Henrietta Street, Dublin 1, Ireland</subfield>
            <subfield code="u">http://www.pipers.ie</subfield>
         </datafield>
      </record>