
      <record>
         <leader>00000nz  a2200169   4500</leader>
         <controlfield tag="001">30001415</controlfield>
         <controlfield tag="003">RISM</controlfield>
         <controlfield tag="005">20160216</controlfield>
         <controlfield tag="008">160216n||az|||||||##########||||||||||||</controlfield>
         <datafield tag="040" ind1=" " ind2=" ">
            <subfield code="a">IRL-Dtc</subfield>
         </datafield>
         <datafield tag="043" ind1=" " ind2=" ">
            <subfield code="c">XA-IE</subfield>
         </datafield>
         <datafield tag="110" ind1="2" ind2=" ">
            <subfield code="a">Trinity College Library</subfield>
            <subfield code="c">Dublin</subfield>
            <subfield code="g">IRL-Dtc</subfield>
         </datafield>
         <datafield tag="622" ind1=" " ind2=" ">
            <subfield code="e">Trinity College Library, College Green, Dublin 2, Ireland</subfield>
            <subfield code="u">http://www.tcd.ie</subfield>
         </datafield>
      </record>