
      <record>
         <leader>00000nz  a2200169   4500</leader>
         <controlfield tag="001">30001416</controlfield>
         <controlfield tag="003">RISM</controlfield>
         <controlfield tag="005">20160216</controlfield>
         <controlfield tag="008">160216n||az|||||||##########||||||||||||</controlfield>
         <datafield tag="040" ind1=" " ind2=" ">
            <subfield code="a">IRL-Duc</subfield>
         </datafield>
         <datafield tag="043" ind1=" " ind2=" ">
            <subfield code="c">XA-IE</subfield>
         </datafield>
         <datafield tag="110" ind1="2" ind2=" ">
            <subfield code="a">University College, Library</subfield>
            <subfield code="c">Dublin</subfield>
            <subfield code="g">IRL-Duc</subfield>
         </datafield>
         <datafield tag="410" ind1="2" ind2=" ">
            <subfield code="a">National University of Ireland</subfield>
         </datafield>
         <datafield tag="410" ind1="2" ind2=" ">
            <subfield code="a">University College, Music Library</subfield>
         </datafield>
         <datafield tag="622" ind1=" " ind2=" ">
            <subfield code="e">University College, Library, Belfield, Dublin 4, Ireland</subfield>
            <subfield code="u">http://www.ucd.ie/library/</subfield>
         </datafield>
      </record>