
      <record>
         <leader>00000nz  a2200169   4500</leader>
         <controlfield tag="001">30070482</controlfield>
         <controlfield tag="003">RISM</controlfield>
         <controlfield tag="005">20160216</controlfield>
         <controlfield tag="008">160216n||az|||||||##########||||||||||||</controlfield>
         <datafield tag="040" ind1=" " ind2=" ">
            <subfield code="a">IRL-KIf</subfield>
         </datafield>
         <datafield tag="043" ind1=" " ind2=" ">
            <subfield code="c">XA-IE</subfield>
         </datafield>
         <datafield tag="110" ind1="2" ind2=" ">
            <subfield code="a">Franciscan Library Dún Mhúire</subfield>
            <subfield code="c">Killiney</subfield>
            <subfield code="g">IRL-KIf</subfield>
         </datafield>
         <datafield tag="580" ind1=" " ind2=" ">
            <subfield code="x">IRL-Duc</subfield>
            <subfield code="0">30001416</subfield>
         </datafield>
         <datafield tag="622" ind1=" " ind2=" ">
            <subfield code="u">http://www.ucd.ie/library/special_collections/printed_collection/named/franciscan.html</subfield>
         </datafield>
      </record>