
      <record>
         <leader>00000nz  a2200169   4500</leader>
         <controlfield tag="001">30070501</controlfield>
         <controlfield tag="003">RISM</controlfield>
         <controlfield tag="005">20160216</controlfield>
         <controlfield tag="008">160216n||az|||||||##########||||||||||||</controlfield>
         <datafield tag="040" ind1=" " ind2=" ">
            <subfield code="a">IRL-Wit</subfield>
         </datafield>
         <datafield tag="043" ind1=" " ind2=" ">
            <subfield code="c">XA-IE</subfield>
         </datafield>
         <datafield tag="110" ind1="2" ind2=" ">
            <subfield code="a">Waterford Institute of Technology, Main Library &lt;Waterford&gt;</subfield>
            <subfield code="c">Waterford</subfield>
            <subfield code="g">IRL-Wit</subfield>
         </datafield>
         <datafield tag="622" ind1=" " ind2=" ">
            <subfield code="u">http://www.wit.ie/library</subfield>
         </datafield>
      </record>
   </collection>

